<?xml version="1.0" encoding="UTF-8"?>
  <record xmlns="http://www.loc.gov/MARC21/slim" type="Authority">
    <leader>00000nz  a2200000nc 4500</leader>
    <controlfield tag="001">100997600</controlfield>
    <controlfield tag="003">DE-101</controlfield>
    <controlfield tag="005">20220311164935.0</controlfield>
    <controlfield tag="008">910916n||azznnaabn           | aaa    |c</controlfield>
    <datafield tag="024" ind1="7" ind2=" ">
      <subfield code="a">100997600</subfield>
      <subfield code="0">http://d-nb.info/gnd/100997600</subfield>
      <subfield code="2">gnd</subfield>
    </datafield>
    <datafield tag="035" ind1=" " ind2=" ">
      <subfield code="a">(DE-101)100997600</subfield>
    </datafield>
    <datafield tag="035" ind1=" " ind2=" ">
      <subfield code="a">(DE-588)100997600</subfield>
    </datafield>
    <datafield tag="035" ind1=" " ind2=" ">
      <subfield code="z">(DE-588a)100997600</subfield>
      <subfield code="9">v:zg</subfield>
    </datafield>
    <datafield tag="035" ind1=" " ind2=" ">
      <subfield code="z">(DE-588c)4658935-1</subfield>
      <subfield code="9">v:zg</subfield>
    </datafield>
    <datafield tag="040" ind1=" " ind2=" ">
      <subfield code="a">DE-12</subfield>
      <subfield code="c">DE-12</subfield>
      <subfield code="9">r:DE-12</subfield>
      <subfield code="b">ger</subfield>
      <subfield code="d">9999</subfield>
    </datafield>
    <datafield tag="042" ind1=" " ind2=" ">
      <subfield code="a">gnd1</subfield>
    </datafield>
    <datafield tag="043" ind1=" " ind2=" ">
      <subfield code="c">XA-DE</subfield>
    </datafield>
    <datafield tag="065" ind1=" " ind2=" ">
      <subfield code="a">3.1p</subfield>
      <subfield code="2">sswd</subfield>
    </datafield>
    <datafield tag="065" ind1=" " ind2=" ">
      <subfield code="a">4.7p</subfield>
      <subfield code="2">sswd</subfield>
    </datafield>
    <datafield tag="075" ind1=" " ind2=" ">
      <subfield code="b">p</subfield>
      <subfield code="2">gndgen</subfield>
    </datafield>
    <datafield tag="075" ind1=" " ind2=" ">
      <subfield code="b">piz</subfield>
      <subfield code="2">gndspec</subfield>
    </datafield>
    <datafield tag="079" ind1=" " ind2=" ">
      <subfield code="a">g</subfield>
      <subfield code="q">f</subfield>
      <subfield code="q">n</subfield>
      <subfield code="q">s</subfield>
    </datafield>
    <datafield tag="100" ind1="1" ind2=" ">
      <subfield code="a">Mühlhausen, Yôm-Ṭôv</subfield>
      <subfield code="d">ca. 15. Jh.</subfield>
    </datafield>
    <datafield tag="400" ind1="0" ind2=" ">
      <subfield code="a">Yôm-Ṭôv Lipmann-Muhlhausen</subfield>
      <subfield code="d">ca. 15. Jh.</subfield>
    </datafield>
    <datafield tag="400" ind1="1" ind2=" ">
      <subfield code="a">Mühlhausen, Yôm-Ṭôv L.-</subfield>
      <subfield code="d">ca. 15. Jh.</subfield>
    </datafield>
    <datafield tag="400" ind1="1" ind2=" ">
      <subfield code="a">Lipmann-Mühlhausen, Yomtow</subfield>
      <subfield code="d">ca. 15. Jh.</subfield>
    </datafield>
    <datafield tag="400" ind1="0" ind2=" ">
      <subfield code="a">Jomtob Muehlhausen</subfield>
      <subfield code="d">ca. 15. Jh.</subfield>
    </datafield>
    <datafield tag="400" ind1="1" ind2=" ">
      <subfield code="a">Lipmann-Mühlhausen, Yôm-Ṭôv</subfield>
      <subfield code="d">ca. 15. Jh.</subfield>
    </datafield>
    <datafield tag="400" ind1="1" ind2=" ">
      <subfield code="a">Lipman, ...</subfield>
      <subfield code="c">Rabbi</subfield>
      <subfield code="d">ca. 15. Jh.</subfield>
    </datafield>
    <datafield tag="400" ind1="0" ind2=" ">
      <subfield code="a">Jom Tov Lippmann-Mühlhausen</subfield>
      <subfield code="d">ca. 15. Jh.</subfield>
    </datafield>
    <datafield tag="400" ind1="0" ind2=" ">
      <subfield code="a">Yomtob Lipmann Mühlhausen</subfield>
      <subfield code="d">ca. 15. Jh.</subfield>
    </datafield>
    <datafield tag="400" ind1="0" ind2=" ">
      <subfield code="a">Lipmann</subfield>
      <subfield code="c">of Muhlhausen</subfield>
      <subfield code="d">ca. 15. Jh.</subfield>
    </datafield>
    <datafield tag="400" ind1="1" ind2=" ">
      <subfield code="a">Lipmann-Mühlhausen, Yom-Tob</subfield>
      <subfield code="d">ca. 15. Jh.</subfield>
    </datafield>
    <datafield tag="400" ind1="1" ind2=" ">
      <subfield code="a">Lipmann, Jōm-Ṭōb</subfield>
      <subfield code="d">ca. 15. Jh.</subfield>
    </datafield>
    <datafield tag="400" ind1="1" ind2=" ">
      <subfield code="a">Lipman, Yom-Ṭov</subfield>
      <subfield code="d">ca. 15. Jh.</subfield>
    </datafield>
    <datafield tag="400" ind1="1" ind2=" ">
      <subfield code="a">Lipmann, Yom-Tob ben Solomon</subfield>
      <subfield code="d">ca. 15. Jh.</subfield>
    </datafield>
    <datafield tag="400" ind1="0" ind2=" ">
      <subfield code="a">Lipman</subfield>
      <subfield code="c">of Muhlhausen</subfield>
      <subfield code="d">ca. 15. Jh.</subfield>
    </datafield>
    <datafield tag="400" ind1="0" ind2=" ">
      <subfield code="a">Yomtob</subfield>
      <subfield code="c">Lipmann</subfield>
      <subfield code="d">ca. 15. Jh.</subfield>
    </datafield>
    <datafield tag="400" ind1="1" ind2=" ">
      <subfield code="a">Lipmann-Mühlhausen, Jomtow</subfield>
      <subfield code="d">ca. 15. Jh.</subfield>
    </datafield>
    <datafield tag="400" ind1="1" ind2=" ">
      <subfield code="a">Lipmann, Yom T.</subfield>
      <subfield code="d">ca. 15. Jh.</subfield>
    </datafield>
    <datafield tag="400" ind1="1" ind2=" ">
      <subfield code="a">Mühlhausen, Jomtow</subfield>
      <subfield code="d">ca. 15. Jh.</subfield>
    </datafield>
    <datafield tag="400" ind1="0" ind2=" ">
      <subfield code="a">Yôm-Ṭôv</subfield>
      <subfield code="c">Mühlhausen</subfield>
      <subfield code="d">ca. 15. Jh.</subfield>
    </datafield>
    <datafield tag="400" ind1="0" ind2=" ">
      <subfield code="a">Jōm Tōb Lîpman</subfield>
      <subfield code="d">ca. 15. Jh.</subfield>
    </datafield>
    <datafield tag="400" ind1="0" ind2=" ">
      <subfield code="a">Jōm Tōb</subfield>
      <subfield code="d">ca. 15. Jh.</subfield>
    </datafield>
    <datafield tag="400" ind1="1" ind2=" ">
      <subfield code="a">Mühlhausen, Yom Tov Lipmann</subfield>
      <subfield code="d">ca. 15. Jh.</subfield>
      <subfield code="9">v:Enc. Judaica</subfield>
    </datafield>
    <datafield tag="400" ind1="1" ind2=" ">
      <subfield code="a">Mîlhâuzen, Yôm-Ṭôv Lîpman</subfield>
      <subfield code="d">ca. 15. Jh.</subfield>
      <subfield code="9">v:Enyclopaedia Hebraica</subfield>
    </datafield>
    <datafield tag="400" ind1="1" ind2=" ">
      <subfield code="a">Lipmann, Jom Tob Ben-Salomo</subfield>
      <subfield code="c">aus Mühlhausen</subfield>
      <subfield code="d">ca. 15. Jh.</subfield>
      <subfield code="9">v:Enc. Judaica (dt. Ausg.)</subfield>
    </datafield>
    <datafield tag="400" ind1="1" ind2=" ">
      <subfield code="a">Mülhausen, Yom-Tov Lipmann</subfield>
      <subfield code="d">ca. 15. Jh.</subfield>
    </datafield>
    <datafield tag="400" ind1="0" ind2=" ">
      <subfield code="9">U:Hebr</subfield>
      <subfield code="a">יום טוב ליפמן-מילהאוזן</subfield>
      <subfield code="d">ca. 15. Jh.</subfield>
      <subfield code="5">DE-603</subfield>
    </datafield>
    <datafield tag="400" ind1="1" ind2=" ">
      <subfield code="9">U:Hebr</subfield>
      <subfield code="a">ליפמן-מילהאוזן, יום-טוב</subfield>
      <subfield code="d">ca. 15. Jh.</subfield>
      <subfield code="5">DE-603</subfield>
    </datafield>
    <datafield tag="400" ind1="0" ind2=" ">
      <subfield code="9">U:Hebr</subfield>
      <subfield code="a">יום-טוב</subfield>
      <subfield code="c">מילהאוזן</subfield>
      <subfield code="d">ca. 15. Jh.</subfield>
      <subfield code="5">DE-603</subfield>
    </datafield>
    <datafield tag="548" ind1=" " ind2=" ">
      <subfield code="a">ca. 15. Jh.</subfield>
      <subfield code="4">datl</subfield>
      <subfield code="4">https://d-nb.info/standards/elementset/gnd#associatedDate</subfield>
      <subfield code="w">r</subfield>
      <subfield code="i">Lebensdaten</subfield>
    </datafield>
    <datafield tag="667" ind1=" " ind2=" ">
      <subfield code="a">12</subfield>
    </datafield>
    <datafield tag="667" ind1=" " ind2=" ">
      <subfield code="a">12-PMA:Suppl.</subfield>
    </datafield>
    <datafield tag="667" ind1=" " ind2=" ">
      <subfield code="a">384</subfield>
    </datafield>
    <datafield tag="667" ind1=" " ind2=" ">
      <subfield code="a">VD-17</subfield>
    </datafield>
    <datafield tag="670" ind1=" " ind2=" ">
      <subfield code="a">M</subfield>
    </datafield>
    <datafield tag="672" ind1=" " ind2="0">
      <subfield code="a">Mühlhausen, Yôm-Ṭôv: Disputatio adversus Christianos, ad Esaiae et XII minorum prophet*</subfield>
      <subfield code="f">1644</subfield>
    </datafield>
    <datafield tag="672" ind1=" " ind2="0">
      <subfield code="a">Mühlhausen, Yôm-Ṭôv: Disputatio adversus Christianos, ad Jeremiae, Ezechielis, Psalmor*</subfield>
      <subfield code="f">1645</subfield>
    </datafield>
    <datafield tag="672" ind1=" " ind2="0">
      <subfield code="a">Mühlhausen, Yôm-Ṭôv: Disputatio adversus Christianos, ad Josua, Judicum, Samuelis ... *</subfield>
      <subfield code="f">1645</subfield>
    </datafield>
    <datafield tag="672" ind1=" " ind2="0">
      <subfield code="a">Mühlhausen, Yôm-Ṭôv: Sēfer Niṣṣāhôn</subfield>
      <subfield code="f">1644 = 5404 [jüd. Zeit]</subfield>
    </datafield>
    <datafield tag="672" ind1=" " ind2="0">
      <subfield code="a">Mühlhausen, Yôm-Ṭôv: Liber Nizachon Rabbi Lipmanni</subfield>
      <subfield code="f">1644</subfield>
    </datafield>
    <datafield tag="672" ind1=" " ind2="0">
      <subfield code="a">Mühlhausen, Yôm-Ṭôv: Sēfer Niṣṣāḥôn</subfield>
      <subfield code="f">1644</subfield>
    </datafield>
    <datafield tag="678" ind1=" " ind2=" ">
      <subfield code="b">Talmudgelehrter, Kabbalist und religiöser Polemiker</subfield>
    </datafield>
    <datafield tag="700" ind1="1" ind2="4">
      <subfield code="9">U:Hebr</subfield>
      <subfield code="a">מילהאוזן, יום-טוב</subfield>
      <subfield code="d">ca. 15. Jh.</subfield>
      <subfield code="5">DE-603</subfield>
      <subfield code="9">v:Original</subfield>
    </datafield>
    <datafield tag="913" ind1=" " ind2=" ">
      <subfield code="S">pnd</subfield>
      <subfield code="i">a</subfield>
      <subfield code="a">Mühlhausen, Yôm-Ṭôv</subfield>
      <subfield code="0">(DE-588a)100997600</subfield>
    </datafield>
    <datafield tag="913" ind1=" " ind2=" ">
      <subfield code="S">pnd</subfield>
      <subfield code="i">5</subfield>
      <subfield code="a">Jom Tov Lippmann-Mühlhausen</subfield>
      <subfield code="0">(DE-588a)100997600</subfield>
    </datafield>
  </record>
